
@article{Va2016,
author = {V. Va and T. Shimizu and G. Bansal and Robert W. Heath Jr.},
doi = {10.1561/1300000054},
number = {1},
pages = {1--113},
title = {{Millimeter Wave Vehicular Communications : A Survey}},
volume = {10},
year = {2016}
}

@INPROCEEDINGS{Giordani16,
author={M. Giordani and M. Mezzavilla and S. Rangan and M. Zorzi},
booktitle={2016 Mediterranean Ad Hoc Networking Workshop (Med-Hoc-Net)},
title={Multi-connectivity in 5G mmWave cellular networks},
year={2016},
pages={1-7},
doi={10.1109/MedHocNet.2016.7528494},
month={June}
}

@article{Kargl2008,
  title={Secure vehicular communication systems: implementation, performance, and research challenges},
  journal={IEEE Communications Magazine},
  volume={46},
  pages={110-118},
  author={Kargl, Frank and Papadimitratos, Panagiotis and Buttyan, Levente and Muter, M and Wiedersheim, Bj{\"o}rn and Schoch, Elmar and Thong, T-V and Calandriello, Giorgio and Held, Albert and Kung, Antonio and others},
  year={2008},
  doi={10.1109/MCOM.2008.4689253}
}

@online{Toyota15,
  author = {Toyota Motor Corporation},
  title = {Toyota bringing advanced its technology to mass-market models},
  year= {2015},
  url = {https://newsroom.toyota.co.jp/en/detail/9676551}
}

@online{Cadillac17,
	author = {Cadillac},
	title = {V2V Safety Technology Now Standard on Cadillac CTS Sedans},
	year = {2017},
	url = {https://www.gm.com/mol/m-2017-mar-0309-v2v.html}
}

 BibTeX | EndNote | ACM Ref

@article{Ylianttila05,
 author = {Ylianttila, M. and M\"{a}kel\"{a}, J. and Pahlavan, K.},
 title = {Analysis of Handoff in a Location-aware Vertical Multi-access Network},
 journal = {Comput. Netw.},
 volume = {47},
 number = {2},
 month = feb,
 year = {2005},
 pages = {185--201},
 numpages = {17},
 doi = {10.1016/j.comnet.2004.07.004}
}

@article{Wang16,
	author={S. Wang and C. Fan and C. Hsu and Q. Sun and F. Yang},
	journal={IEEE Systems Journal},
	title={A Vertical Handoff Method via Self-Selection Decision Tree for Internet of Vehicles},
	year={2016},
	volume={10},
	number={3},
	pages={1183-1192},
	month={Sept}
}

@article{Higuchi17,
	author={T. Higuchi and O. Altintas},
	booktitle={2017 IEEE Vehicular Networking Conference (VNC)},
	title={Interface selection in hybrid V2V communications: A hierarchical approach},
	year={2017},
	pages={9-16},
	doi={10.1109/VNC.2017.8275610},
	month={Nov}
}

@ARTICLE{WAVEStandard,
	journal={IEEE Std 802.11p-2010 (Amendment to IEEE Std 802.11-2007 as amended by IEEE Std 802.11k-2008, IEEE Std 802.11r-2008, IEEE Std 802.11y-2008, IEEE Std 802.11n-2009, and IEEE Std 802.11w-2009)},
	title={IEEE Standard for Information technology-- Local and metropolitan area networks-- Specific requirements-- Part 11: Wireless LAN Medium Access Control (MAC) and Physical Layer (PHY) Specifications Amendment 6: Wireless Access in Vehicular Environments},
	year={2010},
	pages={1-51},
	doi={10.1109/IEEESTD.2010.5514475},
	month={July}
}

@ARTICLE{Mezzavilla18,
	author={M. Mezzavilla and M. Zhang and M. Polese and R. Ford and S. Dutta and S. Rangan and M. Zorzi},
	journal={IEEE Communications Surveys Tutorials},
	title={End-to-End Simulation of 5G mmWave Networks},
	year={2018},
	pages={1-1},
	doi={10.1109/COMST.2018.2828880}
}

@INPROCEEDINGS{Rebato18,
	author={M. Rebato and L. Resteghini and C. Mazzucco and M. Zorzi},
	booktitle={2018 IEEE International Conference on Communications (ICC)},
	title={Study of Realistic Antenna Patterns in 5G mmWave Cellular Scenarios},
	year={2018},
	pages={1-6},
	doi={10.1109/ICC.2018.8422746},
	ISSN={1938-1883},
	month={May}
}

@misc{iabsi,
	author={3GPP},
	title={{Study on Integrated Access and Backhaul for NR}},
	institution={AT&T, Qualcomm, Samsung}
}

@INPROCEEDINGS{Polese18,
	author={M. Polese and M. Giordani and A. Roy and S. Goyal and Douglas Castor and M. Zorzi},
	title={End-to-End Simulation of Integrated Access and Backhaul at mmWaves},
	year={2018},
	month={Aug}
}